<record><leader>00000cas a22000007a 4500</leader><controlfield tag="001">10909490</controlfield><controlfield tag="008">840703d18521897iauwr ne      0    0eng d</controlfield><datafield ind1=" " ind2=" " tag="010"><subfield code="a">sn 84027157 </subfield></datafield><datafield ind1=" " ind2=" " tag="040"><subfield code="a">NPU</subfield><subfield code="b">eng</subfield><subfield code="c">NPU</subfield><subfield code="d">NPX</subfield><subfield code="d">INP</subfield><subfield code="d">UBY</subfield><subfield code="d">OCLCQ</subfield><subfield code="d">OCLCF</subfield><subfield code="d">OCLCO</subfield></datafield><datafield ind1=" " ind2=" " tag="042"><subfield code="a">msc</subfield></datafield><datafield ind1=" " ind2=" " tag="043"><subfield code="a">n-us-ia</subfield></datafield><datafield ind1="0" ind2=" " tag="130"><subfield code="a">Fort Madison plain dealer (Fort Madison, Iowa : 1852)</subfield></datafield><datafield ind1="1" ind2="0" tag="245"><subfield code="a">Fort Madison plain dealer.</subfield></datafield><datafield ind1="3" ind2="0" tag="246"><subfield code="a">Plain dealer</subfield></datafield><datafield ind1=" " ind2=" " tag="260"><subfield code="a">Fort Madison, Lee County, Iowa :</subfield><subfield code="b">Benjamin Grossman</subfield></datafield><datafield ind1=" " ind2=" " tag="300"><subfield code="a">v. ;</subfield><subfield code="c">69 cm.</subfield></datafield><datafield ind1=" " ind2=" " tag="310"><subfield code="a">Weekly</subfield></datafield><datafield ind1="1" ind2=" " tag="362"><subfield code="a">Began in Feb. 1852; ceased in 1897.</subfield><subfield code="z">Cf. Bibl. of Iowa newspapers.</subfield></datafield><datafield ind1=" " ind2=" " tag="500"><subfield code="a">"Republican," &lt;1869&gt;, &lt;1876&gt;.</subfield></datafield><datafield ind1=" " ind2=" " tag="500"><subfield code="a">"A political family newspaper."</subfield></datafield><datafield ind1=" " ind2=" " tag="588"><subfield code="a">Description based on: Vol. 5, no. 1 (Jan. 27, 1857).</subfield></datafield><datafield ind1=" " ind2="0" tag="651"><subfield code="a">Fort Madison (Iowa)</subfield><subfield code="v">Newspapers.</subfield></datafield><datafield ind1=" " ind2="7" tag="655"><subfield code="a">Newspapers.</subfield><subfield code="2">fast</subfield><subfield code="0">(OCoLC)fst01423814</subfield></datafield><datafield ind1=" " ind2="7" tag="651"><subfield code="a">Iowa</subfield><subfield code="z">Fort Madison.</subfield><subfield code="2">fast</subfield><subfield code="0">(OCoLC)fst01218585</subfield></datafield><datafield ind1=" " ind2=" " tag="752"><subfield code="a">United States</subfield><subfield code="b">Iowa</subfield><subfield code="c">Lee</subfield><subfield code="d">Fort Madison.</subfield></datafield><datafield ind1="0" ind2=" " tag="775"><subfield code="t">Fort Madison plain dealer (Fort Madison, Iowa : 1882)</subfield></datafield><datafield ind1="0" ind2="0" tag="780"><subfield code="t">Iowa statesman</subfield><subfield code="w">(DLC)sn 82014125</subfield></datafield></record>